<?xml version="1.0" encoding="UTF-8"?><collection xmlns="http://www.loc.gov/MARC21/slim"><record><leader>00525nam--2200157-i-4500</leader><controlfield tag="001">000014202</controlfield><controlfield tag="002">20161230</controlfield><controlfield tag="005">20170211141835</controlfield><controlfield tag="008">060222s1000------------r-----000-0-eng-d</controlfield><datafield ind1=" " ind2=" " tag="245"><subfield code="a">Physik der II-VI und I-VII -verbindungen, semi magnetische halbleliter</subfield></datafield><datafield ind1=" " ind2=" " tag="260"><subfield code="a">Berlin</subfield><subfield code="b">Springer-Verlag</subfield><subfield code="c">1982</subfield></datafield><datafield ind1=" " ind2=" " tag="300"><subfield code="a">543 p</subfield></datafield><datafield ind1=" " ind2=" " tag="490"><subfield code="a">Landolt-bornstein. Zahlenwerte Und Funktionen Aus Naturwissenscaften Und Technik. Neue Serie Group</subfield></datafield><datafield ind1=" " ind2=" " tag="700"><subfield code="a">Broser, I</subfield></datafield><datafield ind1=" " ind2=" " tag="852"><subfield code="a">538.955:537.222.22(083.4)</subfield></datafield><datafield ind1=" " ind2=" " tag="CAT"><subfield code="a">SYS</subfield><subfield code="c">20170211</subfield><subfield code="h">141835</subfield></datafield></record></collection>